<record xmlns="http://www.loc.gov/MARC21/slim" xmlns:xsi="http://www.w3.org/2001/XMLSchema-instance" xsi:schemaLocation="http://www.loc.gov/MARC21/slim http://www.loc.gov/standards/marcxml/schema/MARC21slim.xsd"><leader>02420nam a2200445   4500</leader><controlfield tag="001">3080187</controlfield><controlfield tag="003">NNC</controlfield><controlfield tag="006">m        d        </controlfield><controlfield tag="007">cr cn |||m|||a</controlfield><controlfield tag="008">150110s1949    le      ob    000 0 ara d</controlfield><datafield ind1=" " ind2=" " tag="040"><subfield code="a">NNU</subfield><subfield code="b">eng</subfield><subfield code="e">rda</subfield><subfield code="c">NNU</subfield></datafield><datafield ind1=" " ind2="4" tag="050"><subfield code="a">PJ7817.S38</subfield><subfield code="b">R8</subfield></datafield><datafield ind1="1" ind2=" " tag="100"><subfield code="6">880-01</subfield><subfield code="a">Schaeder, Hans Heinrich,</subfield><subfield code="d">1896-1957.</subfield></datafield><datafield ind1="1" ind2="0" tag="245"><subfield code="6">880-02</subfield><subfield code="a">Ru&#772;h&#803; al-h&#803;ad&#803;a&#772;rah al-&#699;Arabi&#772;yah /</subfield><subfield code="c">Hans Heinrich Schaeder ; tarjumah &#699;an al-Ulma&#772;ni&#772;yah wa-&#699;allaqahu &#699;ali&#772;hu &#699;Abd al-Rah&#803;ma&#772;n Badawi&#772;.</subfield></datafield><datafield ind1=" " ind2=" " tag="260"><subfield code="6">880-03</subfield><subfield code="a">Bayru&#772;t :</subfield><subfield code="b">Da&#772;r al-&#699;Ilm lil-Mala&#772;yyi&#772;n,</subfield><subfield code="c">1949.</subfield></datafield><datafield ind1=" " ind2=" " tag="300"><subfield code="a">online resource (151 pages)</subfield></datafield><datafield ind1=" " ind2=" " tag="336"><subfield code="a">text</subfield><subfield code="2">rdacontent</subfield></datafield><datafield ind1=" " ind2=" " tag="337"><subfield code="a">computer</subfield><subfield code="2">rdamedia</subfield></datafield><datafield ind1=" " ind2=" " tag="338"><subfield code="a">online resource</subfield><subfield code="2">rdacarrier</subfield></datafield><datafield ind1="1" ind2=" " tag="490"><subfield code="6">880-04</subfield><subfield code="a">Dira&#772;s&#772;a&#772;t Isla&#772;miyah</subfield><subfield code="v">10</subfield></datafield><datafield ind1=" " ind2=" " tag="500"><subfield code="a">Part of the Arabic Collections Online (ACO) project, contributed by Columbia University Libraries.</subfield></datafield><datafield ind1=" " ind2=" " tag="504"><subfield code="a">Includes bibliographical references.</subfield></datafield><datafield ind1=" " ind2=" " tag="533"><subfield code="a">Electronic reproduction.</subfield><subfield code="b">New York, N.Y. :</subfield><subfield code="c">New York University,</subfield><subfield code="d">2015.</subfield><subfield code="5">NNU</subfield></datafield><datafield ind1=" " ind2="0" tag="650"><subfield code="a">Civilization, Arab</subfield><subfield code="x">Greek influences.</subfield></datafield><datafield ind1=" " ind2="7" tag="650"><subfield code="a">Civilization, Arab</subfield><subfield code="x">Greek influences.</subfield><subfield code="2">fast</subfield><subfield code="0">(OCoLC)fst00862972</subfield></datafield><datafield ind1="1" ind2=" " tag="700"><subfield code="6">880-05</subfield><subfield code="a">Badawi&#772;, &#699;Abd al-Rah&#803;ma&#772;n.</subfield></datafield><datafield ind1="2" ind2=" " tag="710"><subfield code="a">Columbia University.</subfield><subfield code="b">Libraries.</subfield></datafield><datafield ind1="0" ind2=" " tag="730"><subfield code="a">Arabic Collections Online.</subfield></datafield><datafield ind1="0" ind2="8" tag="776"><subfield code="i">Online version:</subfield><subfield code="a">Schaeder, Hans Heinrich, 1896-1957.</subfield><subfield code="t">Ru&#772;h&#803; al-h&#803;ad&#803;a&#772;rah al-&#699;Arabi&#772;yah.</subfield><subfield code="d">Bayru&#772;t : Da&#772;r al-&#699;Ilm lil-Mala&#772;yyi&#772;n, 1949</subfield><subfield code="w">(OCoLC)610609088</subfield></datafield><datafield ind1="0" ind2="8" tag="776"><subfield code="i">Print version:</subfield><subfield code="a">Schaeder, Hans Heinrich, 1896-1957.</subfield><subfield code="t">Ru&#772;h&#803; al-h&#803;ad&#803;a&#772;rah al-&#699;Arabi&#772;yah</subfield><subfield code="w">(NNC)3080187</subfield><subfield code="w">(OCoLC)26678006</subfield></datafield><datafield ind1="1" ind2=" " tag="800"><subfield code="6">880-06</subfield><subfield code="a">Badawi&#772;, &#699;Abd al-Rah&#803;ma&#772;n.</subfield><subfield code="t">Dira&#772;sa&#772;t Isla&#772;mi&#772;yah ;</subfield><subfield code="v">10.</subfield></datafield><datafield ind1="4" ind2="0" tag="856"><subfield code="u">http://hdl.handle.net/2333.1/4f4qrh9d</subfield></datafield><datafield ind1="1" ind2=" " tag="880"><subfield code="6">100-01/r</subfield><subfield code="a">&#1588;&#1610;&#1583;&#1585;&#1548; &#1607;&#1575;&#1606;&#1586; &#1607;&#1610;&#1606;&#1585;&#1588;&#1548;</subfield><subfield code="d">1896-1957.</subfield></datafield><datafield ind1="1" ind2="0" tag="880"><subfield code="6">245-02/r</subfield><subfield code="a">&#1585;&#1608;&#1581; &#1575;&#1604;&#1581;&#1590;&#1575;&#1585;&#1577; &#1575;&#1604;&#1593;&#1585;&#1576;&#1610;&#1577; /</subfield><subfield code="c">&#1607;&#1575;&#1606;&#1586; &#1607;&#1610;&#1606;&#1585;&#1588; &#1588;&#1610;&#1583;&#1585; &#1563; &#1578;&#1585;&#1580;&#1605;&#1607; &#1593;&#1606; &#1575;&#1604;&#1571;&#1604;&#1605;&#1575;&#1606;&#1610;&#1577; &#1608;&#1593;&#1604;&#1602; &#1593;&#1604;&#1610;&#1607; &#1593;&#1576;&#1583; &#1575;&#1604;&#1585;&#1581;&#1605;&#1606; &#1576;&#1583;&#1608;&#1610;.</subfield></datafield><datafield ind1=" " ind2=" " tag="880"><subfield code="6">260-03/r</subfield><subfield code="a">&#1576;&#1610;&#1585;&#1608;&#1578; :</subfield><subfield code="b">&#1583;&#1575;&#1585; &#1575;&#1604;&#1593;&#1604;&#1605; &#1604;&#1604;&#1605;&#1604;&#1575;&#1610;&#1610;&#1606;&#1548;</subfield><subfield code="c">1949.</subfield></datafield><datafield ind1="1" ind2=" " tag="880"><subfield code="6">490-04/r</subfield><subfield code="a">&#1583;&#1585;&#1575;&#1587;&#1575;&#1578; &#1575;&#1587;&#1604;&#1575;&#1605;&#1610;&#1577;</subfield><subfield code="v">10</subfield></datafield><datafield ind1="1" ind2=" " tag="880"><subfield code="6">700-05/r</subfield><subfield code="a">&#1576;&#1583;&#1608;&#1610;&#1548; &#1593;&#1576;&#1583; &#1575;&#1604;&#1585;&#1581;&#1605;&#1606;.</subfield></datafield><datafield ind1="1" ind2=" " tag="880"><subfield code="6">800-06/r</subfield><subfield code="a">&#1576;&#1583;&#1608;&#1610;&#1548; &#1593;&#1576;&#1583; &#1575;&#1604;&#1585;&#1581;&#1605;&#1606;.</subfield><subfield code="t">&#1583;&#1585;&#1575;&#1587;&#1575;&#1578; &#1575;&#1587;&#1604;&#1575;&#1605;&#1610;&#1577; &#1563;</subfield><subfield code="v">10.</subfield></datafield><datafield ind1=" " ind2=" " tag="959"><subfield code="a">NNU</subfield><subfield code="b">WEB</subfield><subfield code="c">GENI</subfield><subfield code="t">0</subfield><subfield code="m">Electronic access</subfield><subfield code="s">01</subfield></datafield><datafield ind1=" " ind2=" " tag="999"><subfield code="i">NNC_3080187</subfield><subfield code="o">(OCoLC)26678006</subfield></datafield></record>